<?xml version="1.0" encoding="UTF-8"?>
<collection xmlns:xsi="http://www.w3.org/2001/XMLSchema-instance" xsi:schemaLocation="http://www.loc.gov/MARC21/slim http://www.loc.gov/standards/marcxml/schema/MARC21slim.xsd" xmlns="http://www.loc.gov/MARC21/slim">
<record>
  <leader>01224mam a2200289 a 4500</leader>
  <controlfield tag="001">1385055</controlfield>
  <controlfield tag="003">NNC</controlfield>
  <controlfield tag="005">20100216223429.0</controlfield>
  <controlfield tag="008">840927r1982    ir h     b    000 0 arar </controlfield>
  <datafield tag="010" ind1=" " ind2=" ">
    <subfield code="a">   84961829 /NE</subfield>
  </datafield>
  <datafield tag="035" ind1=" " ind2=" ">
    <subfield code="a">(OCoLC)502406928</subfield>
  </datafield>
  <datafield tag="035" ind1=" " ind2=" ">
    <subfield code="a">(OCoLC)ocn502406928</subfield>
  </datafield>
  <datafield tag="035" ind1=" " ind2=" ">
    <subfield code="a">(CStRLIN)DCLC84961829-B</subfield>
  </datafield>
  <datafield tag="035" ind1=" " ind2=" ">
    <subfield code="9">AHP2989CU</subfield>
  </datafield>
  <datafield tag="035" ind1=" " ind2=" ">
    <subfield code="a">(NNC)1385055</subfield>
  </datafield>
  <datafield tag="040" ind1=" " ind2=" ">
    <subfield code="d">CStRLIN</subfield>
    <subfield code="d">NNC</subfield>
  </datafield>
  <datafield tag="050" ind1="0" ind2=" ">
    <subfield code="a">BP166.93</subfield>
    <subfield code="b">.I48 1982</subfield>
  </datafield>
  <datafield tag="245" ind1="0" ind2="3">
    <subfield code="a">al-Imām al-Mahdī ʻinda ahl al-sunnah :</subfield>
    <subfield code="b">yataḍammanu rasāʾil mufradah wa-fusūlan wa-abhāthan iqtatafnāhā min muʾallafāt aʾimmat al-ḥadīth wa-aʻlām al-tārīkh wa-rijālāt al-ʻilm min ahl al-sunnah khilāla ithnay ʻashara qarnan /</subfield>
    <subfield code="c">rattabahā wa-qaddama lahā Mahdī al-Faqīh Īmānī.</subfield>
  </datafield>
  <datafield tag="250" ind1=" " ind2=" ">
    <subfield code="a">al-Ṭabʻah 2.</subfield>
  </datafield>
  <datafield tag="260" ind1=" " ind2=" ">
    <subfield code="a">Iṣfahān, Īrān :</subfield>
    <subfield code="b">Maktabat al-Imām Amīr al-Muʾminīn ʻAlī al-ʻĀmmah,</subfield>
    <subfield code="c">1402 [1982 or 1983-</subfield>
  </datafield>
  <datafield tag="300" ind1=" " ind2=" ">
    <subfield code="a">v. :</subfield>
    <subfield code="b">facsims. ;</subfield>
    <subfield code="c">29 cm.</subfield>
  </datafield>
  <datafield tag="490" ind1="1" ind2=" ">
    <subfield code="a">Imām al-Mahdī ʻinda ahl al-sunnah</subfield>
  </datafield>
  <datafield tag="500" ind1=" " ind2=" ">
    <subfield code="a">Reprint.</subfield>
  </datafield>
  <datafield tag="504" ind1=" " ind2=" ">
    <subfield code="a">Includes bibliographies.</subfield>
  </datafield>
  <datafield tag="650" ind1=" " ind2="0">
    <subfield code="a">Mahdism</subfield>
    <subfield code="x">History of doctrines.</subfield>
  </datafield>
  <datafield tag="700" ind1="1" ind2=" ">
    <subfield code="a">Imānī, Mahdī al-Faqīh.</subfield>
  </datafield>
  <datafield tag="830" ind1=" " ind2="0">
    <subfield code="a">Imām al-Mahdī ʻinda ahl al-sunnah.</subfield>
  </datafield>
  <datafield tag="955" ind1=" " ind2=" ">
    <subfield code="b">CU01901273</subfield>
    <subfield code="d">off,glx</subfield>
    <subfield code="e">BP166.93 .I48 1982</subfield>
    <subfield code="v">v.2</subfield>
  </datafield>
</record>
</collection>